<?xml version="1.0" encoding="UTF-8"?><collection><record><leader>04664ntm a2200481 a 4500</leader><controlfield tag="001">006822801</controlfield><controlfield tag="003">MiAaHDL</controlfield><controlfield tag="005">20190719000000.0</controlfield><controlfield tag="006">m        d        </controlfield><controlfield tag="007">cr bn ---auaua</controlfield><controlfield tag="008">090624m14uu15uuxx            00| ||ara d</controlfield><datafield tag="035" ind1=" " ind2=" "><subfield code="a">(MiU)006822801</subfield></datafield><datafield tag="035" ind1=" " ind2=" "><subfield code="a">sdr-miu006822801</subfield></datafield><datafield tag="040" ind1=" " ind2=" "><subfield code="a">MiU</subfield><subfield code="c">MiU</subfield><subfield code="e">amremm</subfield></datafield><datafield tag="043" ind1=" " ind2=" "><subfield code="a">n-us-mi</subfield></datafield><datafield tag="245" ind1="0" ind2="0"><subfield code="6">880-03</subfield><subfield code="a">[Majmūʻah shiʻrīyah,</subfield><subfield code="f">15th and 16th century?].</subfield></datafield><datafield tag="260" ind1=" " ind2=" "><subfield code="c">[14-- and 15--?].</subfield></datafield><datafield tag="300" ind1=" " ind2=" "><subfield code="a">34 leaves :</subfield><subfield code="b">paper ;</subfield><subfield code="c">166 x 120 (95 x 62) mm.</subfield></datafield><datafield tag="500" ind1=" " ind2=" "><subfield code="a">Shelfmark: Ann Arbor, University of Michigan, Special Collections Library, Isl. Ms. 426</subfield></datafield><datafield tag="500" ind1=" " ind2=" "><subfield code="a">Origin: Lacks dated colophon ; decoration, etc. of written area suggests 15th century transcription, possibly remounted in the 16th century (as suggested by paper).</subfield></datafield><datafield tag="500" ind1=" " ind2=" "><subfield code="a">Former shelfmark: "321 T. De M." [i.e. Tammaro De Marinis] inscribed in pencil on verso of front flyleaf ; "220" inscribed in pencil on 'title page'.</subfield></datafield><datafield tag="500" ind1=" " ind2=" "><subfield code="a">Binding: Pasteboards covered in dark maroon leather ; Type II binding (with flap) ; pastedowns and flyleaves in seafoam green textured paper (with embossed ridges) ; upper and lower covers carry stamped mandorla (filled with vegetal composition, compare Déroche NSd 7) with gold-painted accents and border ; sewn in bright magenta thread, two stations ; worked chevron endbands in dark pink and yellow, fair condition ; overall in somewhat poor condition with abrasion, staining, lifting of leather at fore edge flap, etc.</subfield></datafield><datafield tag="500" ind1=" " ind2=" "><subfield code="a">Support: non-European laid paper of two different types ; two columns of written area in a beige to light brown paper mounted on leaves of a creamy, quite sturdy paper with roughly 7 laid lines per cm. (vertical, fairly distinct) and chain lines grouped in threes (horizontal, curving) with 12-16 mm. between chains and 31-44 mm. between groups, transluscent, crisp, highly sized and burnished.</subfield></datafield><datafield tag="500" ind1=" " ind2=" "><subfield code="a">Decoration: Elegant illuminated headpiece at opening consisting of rectangular piece with cartouche (carrying "الحمد لوليه" in white) surrounded by exquisite arabesques in gold and turquoise on a lapis lazuli ground and bordered in bands of gold and white, surmounted by a row of fine arabesques (in gold, white, etc.) on a lapis lazuli ground ; written area (and divisions within) surrounded by a gold frame ; illuminated floral vegetal accents appear often in the free triangular spaces of the written area ; keywords rubricated ; textual dividers in the form of four dots in red.</subfield></datafield><datafield tag="500" ind1=" " ind2=" "><subfield code="a">Script: Naskh ; elegant Persianate hand in a bold line ; partially but irregularly seriffed, curvilinear descenders, many open counters, fully vocalized.</subfield></datafield><datafield tag="500" ind1=" " ind2=" "><subfield code="a">Layout: Written area divided to two columns with 6-9 lines per column (mainly a hemistich to a line) often on the diagonal, per page ; frame-ruled.</subfield></datafield><datafield tag="500" ind1=" " ind2=" "><subfield code="a">Collation: i, V*(10), VI (22), V (32), I (34), i (*opening two leaves pasted together) ; almost exclusively quinions ; foliation in black ink, Hindu-Arabic numerals (begins with leaf following incipit page).</subfield></datafield><datafield tag="500" ind1=" " ind2=" "><subfield code="a">Explicit: "لعمرك ما شربت الراح جهلا ولكن بالادلة والفتاوي واني مرضت بداءهم فاشربها حلالا للتداوي وصرت موسى زماني مذ صار بعضي كلي انا الكئيب المعني رقوا لحالي وذلي والحمد لله رب العالمين"</subfield></datafield><datafield tag="500" ind1=" " ind2=" "><subfield code="a">Incipit: "الحمد لمن عز ومن جل جلالا لا يصلح الا لتعالته تعالى حي ازلي احد ذات قديم رب صمدي سبق الكل كمالا ..."</subfield></datafield><datafield tag="500" ind1=" " ind2=" "><subfield code="a">Title supplied by cataloguer.</subfield></datafield><datafield tag="500" ind1=" " ind2=" "><subfield code="a">Ms. codex.</subfield></datafield><datafield tag="510" ind1="4" ind2=" "><subfield code="a">Brockelmann, C. GAL,</subfield><subfield code="c">I 306 ; S I 463</subfield></datafield><datafield tag="520" ind1="8" ind2=" "><subfield code="a">Elegant selection of poetry, from the Dīvān attributed to ʻAlī ibn Abī Ṭālib (ca. 600-661), the Dīvān of Ibn al-Fāriḍ (d. 1235), etc.</subfield></datafield><datafield tag="538" ind1=" " ind2=" "><subfield code="a">Mode of access: Internet.</subfield></datafield><datafield tag="541" ind1=" " ind2=" "><subfield code="c">Purchase ;</subfield><subfield code="a">Acquired by purchase (funds donated by Horace Rackham).</subfield><subfield code="d">1924.</subfield></datafield><datafield tag="546" ind1=" " ind2=" "><subfield code="a">Arabic.</subfield></datafield><datafield tag="561" ind1=" " ind2=" "><subfield code="a">Effaced seal impression and statement on 'title page' ; fairly clean copy.</subfield></datafield><datafield tag="650" ind1=" " ind2="0"><subfield code="a">Manuscripts, Arabic</subfield><subfield code="z">Michigan</subfield><subfield code="z">Ann Arbor.</subfield></datafield><datafield tag="650" ind1=" " ind2="0"><subfield code="a">Sufi poetry, Arabic</subfield><subfield code="v">Early works to 1800.</subfield></datafield><datafield tag="655" ind1=" " ind2="7"><subfield code="a">Headpiece (layout features)</subfield><subfield code="y">15th century.</subfield><subfield code="2">aat</subfield></datafield><datafield tag="700" ind1="0" ind2=" "><subfield code="a">Abdülhamid</subfield><subfield code="b">II,</subfield><subfield code="c">Sultan of the Turks,</subfield><subfield code="d">1842-1918,</subfield><subfield code="e">former owner.</subfield></datafield><datafield tag="773" ind1="0" ind2=" "><subfield code="a">Abdul Hamid Collection.</subfield></datafield><datafield tag="880" ind1="0" ind2="0"><subfield code="6">245-03/</subfield><subfield code="a">[مجموعة شعرية,</subfield><subfield code="f">القرن 15 و القرن 16م؟].</subfield></datafield><datafield tag="CID" ind1=" " ind2=" "><subfield code="a">006822801</subfield></datafield><datafield tag="DAT" ind1="0" ind2=" "><subfield code="a">20190719102640.0</subfield><subfield code="b">20190719000000.0</subfield></datafield><datafield tag="DAT" ind1="1" ind2=" "><subfield code="a">20190719090653.0</subfield><subfield code="b">2019-07-19T16:12:15Z</subfield></datafield><datafield tag="DAT" ind1="2" ind2=" "><subfield code="a">2015-10-02T18:00:03Z</subfield></datafield><datafield tag="CAT" ind1=" " ind2=" "><subfield code="a">SDR-MIU</subfield><subfield code="d">EX LIBRIS - ALEPH</subfield><subfield code="l">prepare.pl-004-008</subfield></datafield><datafield tag="FMT" ind1=" " ind2=" "><subfield code="a">BK</subfield></datafield><datafield tag="HOL" ind1=" " ind2=" "><subfield code="0">sdr-miu006822801</subfield><subfield code="a">MiU</subfield><subfield code="b">SDR</subfield><subfield code="c">MIU</subfield><subfield code="p">mdp.39015079130939</subfield><subfield code="s">MIU</subfield><subfield code="1">006822801</subfield></datafield><datafield tag="974" ind1=" " ind2=" "><subfield code="b">MIU</subfield><subfield code="c">MIU</subfield><subfield code="d">20190719</subfield><subfield code="s">lit-dlps-dc</subfield><subfield code="u">mdp.39015079130939</subfield><subfield code="y">1599</subfield><subfield code="r">pd</subfield><subfield code="q">bib</subfield><subfield code="t">non-US bib date2, date type m &lt; 1879</subfield></datafield></record></collection>